<?xml version="1.0" encoding="UTF-8"?><collection xmlns="http://www.loc.gov/MARC21/slim"><record><leader>00338nam--2200133-i-4500</leader><controlfield tag="001">000027610</controlfield><controlfield tag="002">20161230</controlfield><controlfield tag="005">20161230201036</controlfield><controlfield tag="008">060222s1000------------r-----000-0-eng-d</controlfield><datafield ind1=" " ind2=" " tag="080"><subfield code="a">621.372</subfield></datafield><datafield ind1=" " ind2=" " tag="100"><subfield code="a">Kraybill, Edward K</subfield></datafield><datafield ind1=" " ind2=" " tag="245"><subfield code="a">Electric circuits for engineers</subfield></datafield><datafield ind1=" " ind2=" " tag="260"><subfield code="a">New York, The Macmillan Co., 1951, X + 212p</subfield></datafield><datafield ind1=" " ind2=" " tag="852"><subfield code="a">10320</subfield></datafield></record></collection>